@book{baumgarte2010numerical,
	title={Numerical relativity: solving Einstein's equations on the computer},
	author={Baumgarte, Thomas W and Shapiro, Stuart L},
	year={2010},
	publisher={Cambridge University Press}
}
@book{alcubierre2008introduction,
	title={Introduction to 3+ 1 numerical relativity},
	author={Alcubierre, Miguel},
	volume={140},
	year={2008},
	publisher={OUP Oxford}
}